{
  "leader": "02096cam a22004211  4500",
  "fields": [
    {
      "001": "ocm14665928\\"
    },
    {
      "003": "OCoLC"
    },
    {
      "005": "20210803123005.0"
    },
    {
      "008": "810920s1953\\\\\\\\mau\\\\\\\\\\\\b\\\\\\\\000\\0\\eng\\\\"
    },
    {
      "010": {
        "ind1": "\\",
        "ind2": "\\",
        "subfields": [
          {
            "a": "   52010756 "
          }
        ]
      }
    },
    {
      "040": {
        "ind1": "\\",
        "ind2": "\\",
        "subfields": [
          {
            "a": "NLM"
          },
          {
            "b": "eng"
          },
          {
            "c": "NLM"
          },
          {
            "d": "CHS"
          },
          {
            "d": "DLC"
          },
          {
            "d": "SER"
          },
          {
            "d": "WSU"
          },
          {
            "d": "UKM"
          },
          {
            "d": "MUQ"
          },
          {
            "d": "STF"
          },
          {
            "d": "CLU"
          },
          {
            "d": "DEBBG"
          },
          {
            "d": "UWW"
          },
          {
            "d": "OCLCF"
          },
          {
            "d": "RCT"
          },
          {
            "d": "OCLCQ"
          },
          {
            "d": "OCLCA"
          },
          {
            "d": "MNS"
          },
          {
            "d": "UKMGB"
          },
          {
            "d": "OCLCQ"
          },
          {
            "d": "OCLCO"
          },
          {
            "d": "OCLCA"
          },
          {
            "d": "CUV"
          }
        ]
      }
    },
    {
      "015": {
        "ind1": "\\",
        "ind2": "\\",
        "subfields": [
          {
            "a": "GB5309364"
          },
          {
            "2": "bnb"
          }
        ]
      }
    },
    {
      "016": {
        "ind1": "7",
        "ind2": "\\",
        "subfields": [
          {
            "a": "44810140R"
          },
          {
            "2": "DNLM"
          }
        ]
      }
    },
    {
      "016": {
        "ind1": "7",
        "ind2": "\\",
        "subfields": [
          {
            "a": "002972836"
          },
          {
            "2": "Uk"
          }
        ]
      }
    },
    {
      "019": {
        "ind1": "\\",
        "ind2": "\\",
        "subfields": [
          {
            "a": "629751"
          },
          {
            "a": "631376"
          },
          {
            "a": "977260646"
          },
          {
            "a": "1079116490"
          },
          {
            "a": "1150814705"
          },
          {
            "a": "1229224112"
          }
        ]
      }
    },
    {
      "035": {
        "ind1": "\\",
        "ind2": "\\",
        "subfields": [
          {
            "a": "(OCoLC)14665928"
          },
          {
            "z": "(OCoLC)629751"
          },
          {
            "z": "(OCoLC)631376"
          },
          {
            "z": "(OCoLC)977260646"
          },
          {
            "z": "(OCoLC)1079116490"
          },
          {
            "z": "(OCoLC)1150814705"
          },
          {
            "z": "(OCoLC)1229224112"
          }
        ]
      }
    },
    {
      "050": {
        "ind1": "0",
        "ind2": "0",
        "subfields": [
          {
            "a": "RC488"
          },
          {
            "b": ".P68"
          }
        ]
      }
    },
    {
      "060": {
        "ind1": "0",
        "ind2": "0",
        "subfields": [
          {
            "a": "WM 430"
          },
          {
            "b": "P881g 1953"
          }
        ]
      }
    },
    {
      "082": {
        "ind1": "0",
        "ind2": "\\",
        "subfields": [
          {
            "a": "616.89152"
          },
          {
            "b": "POW"
          }
        ]
      }
    },
    {
      "100": {
        "ind1": "1",
        "ind2": "\\",
        "subfields": [
          {
            "a": "Powdermaker, Florence,"
          },
          {
            "d": "1894-1966,"
          },
          {
            "e": "author."
          }
        ]
      }
    },
    {
      "245": {
        "ind1": "1",
        "ind2": "0",
        "subfields": [
          {
            "a": "Group psychotherapy studies in methodology of research and therapy."
          },
          {
            "b": "Report of a group psychotherapy research project of the U.S. Veterans Administration,"
          },
          {
            "c": "by Florence B. Powdermaker [and] Jerome D. Frank, in collaboration with Joseph Abrahams [and others]."
          }
        ]
      }
    },
    {
      "260": {
        "ind1": "\\",
        "ind2": "\\",
        "subfields": [
          {
            "a": "Cambridge, Mass.,"
          },
          {
            "b": "Harvard Univ. Press,"
          },
          {
            "c": "1953."
          }
        ]
      }
    },
    {
      "300": {
        "ind1": "\\",
        "ind2": "\\",
        "subfields": [
          {
            "a": "xv, 615 pages ;"
          },
          {
            "c": "24 cm"
          }
        ]
      }
    },
    {
      "336": {
        "ind1": "\\",
        "ind2": "\\",
        "subfields": [
          {
            "a": "text"
          },
          {
            "b": "txt"
          },
          {
            "2": "rdacontent"
          }
        ]
      }
    },
    {
      "337": {
        "ind1": "\\",
        "ind2": "\\",
        "subfields": [
          {
            "a": "unmediated"
          },
          {
            "b": "n"
          },
          {
            "2": "rdamedia"
          }
        ]
      }
    },
    {
      "338": {
        "ind1": "\\",
        "ind2": "\\",
        "subfields": [
          {
            "a": "volume"
          },
          {
            "b": "nc"
          },
          {
            "2": "rdacarrier"
          }
        ]
      }
    },
    {
      "340": {
        "ind1": "\\",
        "ind2": "\\",
        "subfields": [
          {
            "m": "8vo."
          },
          {
            "2": "rdabf"
          }
        ]
      }
    },
    {
      "504": {
        "ind1": "\\",
        "ind2": "\\",
        "subfields": [
          {
            "a": "Includes bibliographical references (pages 593-599)."
          }
        ]
      }
    },
    {
      "650": {
        "ind1": "\\",
        "ind2": "0",
        "subfields": [
          {
            "a": "Group psychotherapy."
          }
        ]
      }
    },
    {
      "650": {
        "ind1": "\\",
        "ind2": "6",
        "subfields": [
          {
            "a": "Psychothe\u0301rapie."
          }
        ]
      }
    },
    {
      "650": {
        "ind1": "\\",
        "ind2": "7",
        "subfields": [
          {
            "a": "Group psychotherapy."
          },
          {
            "2": "fast"
          },
          {
            "0": "(OCoLC)fst00948490"
          }
        ]
      }
    },
    {
      "650": {
        "ind1": "\\",
        "ind2": "2",
        "subfields": [
          {
            "a": "Psychotherapy, Group."
          }
        ]
      }
    },
    {
      "700": {
        "ind1": "1",
        "ind2": "\\",
        "subfields": [
          {
            "a": "Abrahams, Joseph,"
          },
          {
            "d": "1916-"
          },
          {
            "e": "author."
          }
        ]
      }
    },
    {
      "700": {
        "ind1": "1",
        "ind2": "\\",
        "subfields": [
          {
            "a": "Frank, Jerome D."
          },
          {
            "q": "(Jerome David),"
          },
          {
            "d": "1909-2005,"
          },
          {
            "e": "author."
          }
        ]
      }
    },
    {
      "710": {
        "ind1": "1",
        "ind2": "\\",
        "subfields": [
          {
            "a": "United States."
          },
          {
            "b": "Veterans Administration."
          },
          {
            "b": "Group Psychotherapy Research Project."
          }
        ]
      }
    },
    {
      "776": {
        "ind1": "0",
        "ind2": "8",
        "subfields": [
          {
            "i": "Online version:"
          },
          {
            "a": "Powdermaker, Florence, 1894-1966."
          },
          {
            "t": "Group psychotherapy, studies in methodology of research and therapy."
          },
          {
            "d": "Cambridge, Mass., Published for the Commonwealth Fund by Harvard University Press, 1953"
          },
          {
            "w": "(OCoLC)599137765"
          }
        ]
      }
    },
    {
      "948": {
        "ind1": "\\",
        "ind2": "\\",
        "subfields": [
          {
            "h": "NO HOLDINGS IN NYRVC - 455 OTHER HOLDINGS"
          }
        ]
      }
    },
    {
      "999": {
        "ind1": "\\",
        "ind2": "\\",
        "subfields": [
          {
            "a": "No barcode"
          }
        ]
      }
    }
  ]
}